%% This BibTeX bibliography file was created using BibDesk.
%% https://bibdesk.sourceforge.io/

%% Created for Ilya at 2021-02-23 23:13:31 +0300 


%% Saved with string encoding Unicode (UTF-8) 



@inproceedings{hughes1995design,
	author = {Hughes, John},
	booktitle = {International School on Advanced Functional Programming},
	date-added = {2021-02-23 23:13:30 +0300},
	date-modified = {2021-02-23 23:13:30 +0300},
	organization = {Springer},
	pages = {53--96},
	title = {The design of a pretty-printing library},
	year = {1995}}

@inproceedings{orchard2010haskell,
	author = {Orchard, Dominic and Schrijvers, Tom},
	booktitle = {International Symposium on Functional and Logic Programming},
	date-added = {2021-02-23 23:13:12 +0300},
	date-modified = {2021-02-23 23:13:12 +0300},
	organization = {Springer},
	pages = {56--71},
	title = {Haskell type constraints unleashed},
	year = {2010}}

@inproceedings{serrano2016type,
	author = {Serrano, Alejandro and Hage, Jurriaan},
	booktitle = {European Symposium on Programming},
	date-added = {2021-02-23 23:12:58 +0300},
	date-modified = {2021-02-23 23:12:58 +0300},
	organization = {Springer},
	pages = {672--698},
	title = {Type error diagnosis for embedded DSLs by Two-Stage specialized type rules},
	year = {2016}}

@inproceedings{jones1999typing,
	author = {Jones, Mark P},
	booktitle = {Haskell workshop},
	date-added = {2021-02-23 23:12:45 +0300},
	date-modified = {2021-02-23 23:12:45 +0300},
	title = {Typing haskell in haskell},
	volume = {7},
	year = {1999}}

@article{leijen2005extensible,
	author = {Leijen, Daan},
	date-added = {2021-02-23 23:12:32 +0300},
	date-modified = {2021-02-23 23:12:32 +0300},
	journal = {Trends in Functional Programming},
	pages = {179--194},
	title = {Extensible records with scoped labels.},
	volume = {6},
	year = {2005}}

@article{morris2019abstracting,
	author = {Morris, J Garrett and McKinna, James},
	date-added = {2021-02-23 23:12:00 +0300},
	date-modified = {2021-02-23 23:12:00 +0300},
	journal = {Proceedings of the ACM on Programming Languages},
	number = {POPL},
	pages = {1--28},
	publisher = {ACM New York, NY, USA},
	title = {Abstracting extensible data types: or, rows by any other name},
	volume = {3},
	year = {2019}}

@article{jones2005practical,
	author = {Jones, Simon Peyton and Vytiniotis, Dimitrios and Weirich, Stephanie and Shields, Mark},
	date-added = {2021-02-23 23:11:33 +0300},
	date-modified = {2021-02-23 23:11:33 +0300},
	journal = {Journal of functional programming},
	title = {Practical type inference for arbitrary-rank types},
	volume = {17},
	year = {2005}}

@article{wadler2003prettier,
	author = {Wadler, Philip},
	date-added = {2021-02-23 23:11:11 +0300},
	date-modified = {2021-02-23 23:11:11 +0300},
	journal = {The Fun of Programming, Cornerstones of Computing},
	pages = {223--243},
	publisher = {Citeseer},
	title = {A prettier printer},
	year = {2003}}

@article{mitchell2012shake,
	author = {Mitchell, Neil},
	date-added = {2021-02-23 23:10:56 +0300},
	date-modified = {2021-02-23 23:10:56 +0300},
	journal = {ACM SIGPLAN Notices},
	number = {9},
	pages = {55--66},
	publisher = {ACM New York, NY, USA},
	title = {Shake before building: Replacing make with Haskell},
	volume = {47},
	year = {2012}}

@misc{vaughanproof,
	author = {Vaughan, Jeff},
	date-added = {2021-02-23 23:10:39 +0300},
	date-modified = {2021-02-23 23:10:39 +0300},
	title = {A proof of correctness for the Hindley-Milner type inference algorithm}}

@inproceedings{damas1982principal,
	author = {Damas, Luis and Milner, Robin},
	booktitle = {Proceedings of the 9th ACM SIGPLAN-SIGACT symposium on Principles of programming languages},
	date-added = {2021-02-23 23:10:11 +0300},
	date-modified = {2021-02-23 23:10:11 +0300},
	pages = {207--212},
	title = {Principal type-schemes for functional programs},
	year = {1982}}

@article{ben2009yaml,
	author = {Ben-Kiki, Oren and Evans, Clark and Ingerson, Brian},
	date-added = {2021-02-23 23:09:50 +0300},
	date-modified = {2021-02-23 23:09:50 +0300},
	journal = {Working Draft 2008-05},
	title = {Yaml ain't markup language (yaml{\texttrademark}) version 1.1},
	volume = {11},
	year = {2009}}

@inproceedings{dolstra2008nixos,
	author = {Dolstra, Eelco and L{\"o}h, Andres},
	booktitle = {Proceedings of the 13th ACM SIGPLAN international conference on Functional programming},
	pages = {367--378},
	title = {NixOS: A purely functional Linux distribution},
	year = {2008}}
